@misc{PolynomialFeatures,
    author = "{Scikit-learn}",
    title = "PolynomialFeatures Sklearn details",
    year = "2020",
    url = {https://scikit-learn.org/stable/modules/generated/sklearn.preprocessing.PolynomialFeatures.html},
    note = "[accessed 31-March-2020]"
}
