@misc{marginalmvn,
    author = "{Ruye Wang}",
    title = "Marginal distribution of multivariate Gaussian",
    year = "2020",
    url = {http://fourier.eng.hmc.edu/e161/lectures/gaussianprocess/node7.html},
    note = "[accessed 22-March-2020]"
}
