@misc{PolynomialFeatures,
    author = "{Scikit-learn}",
    title = "PolynomialFeatures Sklearn details",
    year = "2020",
    url = {https://scikit-learn.org/stable/modules/generated/sklearn.preprocessing.PolynomialFeatures.html},
    note = "[accessed 31-March-2020]"
}

@misc{HMC,
    author = "{Stan documentation}",
    title = "Hamiltonian Monte Carlo",
    year = "2020",
    url = {https://mc-stan.org/docs/2_23/reference-manual/hamiltonian-monte-carlo.html},
    note = "[accessed 08-May-2020]"
}

@misc{Neff,
    author = "{Stan documentation}",
    title = "Effective sample size",
    year = "2020",
    url = {https://mc-stan.org/docs/2_18/reference-manual/effective-sample-size-section.html},
    note = "[accessed 12-May-2020]"
}

@misc{Rhat,
    author = "{Stan documentation}",
    title = "Convergence assessment using Rhat",
    year = "2020",
    url = {https://mc-stan.org/docs/2_18/reference-manual/notation-for-samples-chains-and-draws.html},
    note = "[accessed 12-May-2020]"
}
