@misc{scaler,
    author = "{Scikit-learn}",
    title = "Standard Scaler Sklearn details",
    year = "2019",
    url = {"https://scikit-learn.org/stable/modules/generated/sklearn.preprocessing.StandardScaler.html"},
    note = "[accessed 21-October-2019]"
}

@misc{decisiontree,
    author = "{Scikit-learn}",
    title = "Decision Tree Classifier Sklearn details",
    year = "2019",
    url = {"https://scikit-learn.org/stable/modules/generated/sklearn.tree.DecisionTreeClassifier.html"},
    note = "[accessed 04-November-2019]"
}

@misc{ensembleslides,
    author = "{Helge Langseth}",
    title = "Ensemble slides, bootstrap aggregating",
    year = "2019",
    url = {"https://www.idi.ntnu.no/emner/tdt4173/slides/Lecture3.pdf"},
    note = "[accessed 04-November-2019]"
}

@misc{decisiontreeslides,
    author = "{Pekka Parviainen}",
    title = "Decision tree slides",
    year = "2019",
    url = {"https://mitt.uib.no/courses/19532/pages/lecture-5-decision-trees?module_item_id=107226"},
    note = "[Lecture slides, accessed 22-September-2019]"
}

@misc{scalinginvariant,
    author = "{Hong Ooi}",
    title = "Decision Tree / Random Forest scaling invariant",
    year = "2019",
    url = {"https://stackoverflow.com/questions/8961586/do-i-need-to-normalize-or-scale-data-for-randomforest-r-package"},
    note = "[accessed 21-October-2019]"
}

@misc{hyperparams,
    author = "{Xavier Amatrainan}",
    title = "Explanation of hyperparameters",
    year = "2019",
    url = {"https://qr.ae/TWPVZE"},
    note = "[accessed 04-November-2019]"
}

@misc{mnist,
    author = "{Xavier Amatrainan}",
    title = "MNIST Performance table",
    year = "2019",
    url = {"http://yann.lecun.com/exdb/mnist/"},
    note = "[accessed 04-November-2019]"
}

@misc{kerascnn,
    author = "{Keras-team}",
    title = "Reference CNN architecure",
    year = "2019",
    url = {"https://keras.io/examples/mnist_cnn/"},
    note = "[accessed 04-November-2019]"
}

@MISC {nndesign1,
    TITLE = {To pick existing networks are reference},
    AUTHOR = {Imran (https://datascience.stackexchange.com/users/15828/imran)},
    HOWPUBLISHED = {Data Science Stack Exchange},
    NOTE = {accessed 04-November-2019},
    URL = {https://datascience.stackexchange.com/a/27724}
}

@MISC {nndesign2,
    TITLE = {How to choose the number of hidden layers and nodes in a feedforward neural network?},
    AUTHOR = {doug (https://stats.stackexchange.com/users/438/doug)},
    HOWPUBLISHED = {Cross Validated},
    NOTE = {URL:https://stats.stackexchange.com/q/1097 (version: 2018-07-22)},
    EPRINT = {https://stats.stackexchange.com/q/1097},
    URL = {https://stats.stackexchange.com/q/1097}
}

@MISC {scalinginvariant2,
    TITLE = {What are the implications of scaling the features to xgboost?},
    AUTHOR = {Reinstate Monica (https://stats.stackexchange.com/users/22311/reinstate-monica)},
    HOWPUBLISHED = {Cross Validated},
    NOTE = {URL:https://stats.stackexchange.com/q/353464 (version: 2019-09-24)},
    EPRINT = {https://stats.stackexchange.com/q/353464},
    URL = {https://stats.stackexchange.com/q/353464}
}

@inproceedings{ntrees,
author = {Oshiro, Thais and Perez, Pedro and Baranauskas, Jos√©},
year = {2012},
month = {07},
pages = {},
title = {How Many Trees in a Random Forest?},
volume = {7376},
journal = {Lecture notes in computer science},
doi = {10.1007/978-3-642-31537-4_13}
}